<collection xmlns="http://www.loc.gov/MARC21/slim"><record><leader>00797nam  2200253   450</leader><controlfield tag="001">30</controlfield><controlfield tag="003">http://montalegre.opacnet.com/OPAC/default.aspx?ContentAreaControl=ShowRegHoldings.ascx&amp;RegNo=16662</controlfield><datafield tag="021" ind1=" " ind2=" "><subfield code="a">PT</subfield><subfield code="b">21200/88</subfield></datafield><datafield tag="095" ind1=" " ind2=" "><subfield code="a">PTBN00243651</subfield></datafield><datafield tag="100" ind1=" " ind2=" "><subfield code="a">20061013d1988    em.y0pory0103    ba</subfield></datafield><datafield tag="101" ind1="1" ind2=" "><subfield code="a">por</subfield><subfield code="c">ger</subfield></datafield><datafield tag="102" ind1=" " ind2=" "><subfield code="a">PT</subfield></datafield><datafield tag="105" ind1=" " ind2=" "><subfield code="a">y   z   001ay</subfield></datafield><datafield tag="106" ind1=" " ind2=" "><subfield code="a">r</subfield></datafield><datafield tag="200" ind1="1" ind2=" "><subfield code="a">Trinta anos</subfield><subfield code="f">Ingeborg Bachmann</subfield><subfield code="g">trad. Leonor de Sá</subfield></datafield><datafield tag="210" ind1=" " ind2=" "><subfield code="a">Lisboa</subfield><subfield code="c">Relógio d'Água</subfield><subfield code="d">D.L. 1988</subfield></datafield><datafield tag="215" ind1=" " ind2=" "><subfield code="a">199, [2] p.</subfield><subfield code="d">21 cm</subfield></datafield><datafield tag="225" ind1="2" ind2=" "><subfield code="a">Ficções</subfield></datafield><datafield tag="304" ind1=" " ind2=" "><subfield code="a">Tít. orig.: Das dreibigste jahr</subfield></datafield><datafield tag="675" ind1=" " ind2=" "><subfield code="a">821</subfield><subfield code="v">BN</subfield><subfield code="z">por</subfield><subfield code="3">420014</subfield></datafield><datafield tag="700" ind1=" " ind2="1"><subfield code="a">Bachmann</subfield><subfield code="b">Ingeborg</subfield><subfield code="f">1926-1973</subfield><subfield code="3">5522</subfield></datafield><datafield tag="702" ind1=" " ind2="1"><subfield code="a">Sá</subfield><subfield code="b">Leonor</subfield><subfield code="4">730</subfield><subfield code="3">48604</subfield></datafield><datafield tag="801" ind1=" " ind2="0"><subfield code="a">PT</subfield><subfield code="b">Biblioteca Municipal de Montalegre</subfield><subfield code="g">RPC</subfield></datafield><datafield tag="856" ind1=" " ind2=" "><subfield code="u">locateMedia.asp?cod=20060504150029&amp;ext=jpg</subfield><subfield code="z">CAPA</subfield></datafield><datafield tag="909" ind1="&#9;" ind2=" "><subfield code="a">1</subfield></datafield><datafield tag="966" ind1=" " ind2=" "><subfield code="a">0008346</subfield><subfield code="l">BMM</subfield><subfield code="s">SCG 821 BAC tri</subfield></datafield></record></collection>